<collection xmlns="http://www.loc.gov/MARC21/slim">
<record>
  <leader>01743nam0a22003491i 450 </leader>
  <controlfield tag="001">IT\ICCU\CNCE\015893</controlfield>
  <controlfield tag="005">20060619000000.0</controlfield>
  <datafield tag="012" ind1=" " ind2=" ">
    <subfield code="a">rasi i.ai o.to SiGi (C) 1592 (R)</subfield>
    <subfield code="2">fei</subfield>
  </datafield>
  <datafield tag="100" ind1=" " ind2=" ">
    <subfield code="a">19970101d1592        0itac0103    ba</subfield>
  </datafield>
  <datafield tag="101" ind1=" " ind2=" ">
    <subfield code="a">ITA</subfield>
  </datafield>
  <datafield tag="102" ind1=" " ind2=" ">
    <subfield code="a">IT</subfield>
  </datafield>
  <datafield tag="200" ind1="1" ind2=" ">
    <subfield code="a">℗La ℗Resurretione di Giesu Christo nostro Signore, che segue alla Santissima Passione descritta in ottaua rima da Moderata Fonte</subfield>
  </datafield>
  <datafield tag="210" ind1=" " ind2=" ">
    <subfield code="a">In Venetia</subfield>
    <subfield code="c">appresso Gio. Domenico Imberti</subfield>
    <subfield code="d">1592</subfield>
  </datafield>
  <datafield tag="215" ind1=" " ind2=" ">
    <subfield code="a">\30! c.</subfield>
    <subfield code="c">ill.</subfield>
    <subfield code="d">4ʻ</subfield>
  </datafield>
  <datafield tag="620" ind1=" " ind2=" ">
    <subfield code="a">IT</subfield>
    <subfield code="d">Venezia</subfield>
  </datafield>
  <datafield tag="700" ind1=" " ind2="0">
    <subfield code="a">Moderata Fonte</subfield>
    <subfield code="3">IT\ICCU\CNCA\004575</subfield>
  </datafield>
  <datafield tag="712" ind1="0" ind2="0">
    <subfield code="a">Imberti, Giovanni Domenico</subfield>
    <subfield code="3">IT\ICCU\CNCT\000760</subfield>
    <subfield code="4">650</subfield>
  </datafield>
  <datafield tag="790" ind1=" " ind2="1">
    <subfield code="a">Dal_Pozzo Zorzi,</subfield>
    <subfield code="b">Modesta</subfield>
    <subfield code="3">IT\ICCU\CNCA\004576</subfield>
    <subfield code="z">Moderata Fonte</subfield>
  </datafield>
  <datafield tag="790" ind1=" " ind2="1">
    <subfield code="a">Dal_Pozzo,</subfield>
    <subfield code="b">Modesta</subfield>
    <subfield code="3">IT\ICCU\CNCA\010190</subfield>
    <subfield code="z">Moderata Fonte</subfield>
  </datafield>
  <datafield tag="790" ind1=" " ind2="1">
    <subfield code="a">Fonte,</subfield>
    <subfield code="b">Moderata</subfield>
    <subfield code="3">IT\ICCU\CNCA\014176</subfield>
    <subfield code="z">Moderata Fonte</subfield>
  </datafield>
  <datafield tag="790" ind1=" " ind2="1">
    <subfield code="a">Pozzo de Giorgi,</subfield>
    <subfield code="b">Modesta</subfield>
    <subfield code="3">IT\ICCU\CNCA\019420</subfield>
    <subfield code="z">Moderata Fonte</subfield>
  </datafield>
  <datafield tag="790" ind1=" " ind2="1">
    <subfield code="a">Pozzo,</subfield>
    <subfield code="b">Modesta</subfield>
    <subfield code="3">IT\ICCU\CNCA\019421</subfield>
    <subfield code="z">Moderata Fonte</subfield>
  </datafield>
  <datafield tag="790" ind1=" " ind2="1">
    <subfield code="a">Dal_Zorzi,</subfield>
    <subfield code="b">Modesta</subfield>
    <subfield code="3">IT\ICCU\CNCA\019427</subfield>
    <subfield code="z">Moderata Fonte</subfield>
  </datafield>
  <datafield tag="790" ind1=" " ind2="1">
    <subfield code="a">Pozzi,</subfield>
    <subfield code="b">Moderata</subfield>
    <subfield code="3">IT\ICCU\CNCA\023350</subfield>
    <subfield code="z">Moderata Fonte</subfield>
  </datafield>
  <datafield tag="791" ind1="0" ind2="0">
    <subfield code="a">Imbertis, Ioannes Dominicus de</subfield>
    <subfield code="3">IT\ICCU\CNCT\004847</subfield>
    <subfield code="z">Imberti, Giovanni Domenico</subfield>
  </datafield>
  <datafield tag="801" ind1=" " ind2="3">
    <subfield code="a">IT</subfield>
    <subfield code="b">ICCU</subfield>
    <subfield code="c">20201114</subfield>
  </datafield>
  <datafield tag="899" ind1=" " ind2=" ">
    <subfield code="a">Biblioteca nazionale centrale. Firenze</subfield>
    <subfield code="1">FI0098</subfield>
    <subfield code="2">CFI CF</subfield>
  </datafield>
  <datafield tag="899" ind1=" " ind2=" ">
    <subfield code="a">Biblioteca Ambrosiana. Milano</subfield>
    <subfield code="1">MI0133</subfield>
    <subfield code="2">VBA 01</subfield>
  </datafield>
  <datafield tag="899" ind1=" " ind2=" ">
    <subfield code="a">Biblioteca del Seminario Vescovile della Facolt ̉Teologica del Triveneto dell&apos;Istituto Filosofico Aloisianum. Padova</subfield>
    <subfield code="1">PD0073</subfield>
    <subfield code="2">PUV 01</subfield>
  </datafield>
  <datafield tag="899" ind1=" " ind2=" ">
    <subfield code="a">British Library. London</subfield>
    <subfield code="1">UK0001</subfield>
  </datafield>
  <datafield tag="899" ind1=" " ind2=" ">
    <subfield code="a">Biblioteca Querini Stampalia. Venezia</subfield>
    <subfield code="1">VE0047</subfield>
    <subfield code="2">VEA QS</subfield>
  </datafield>
  <datafield tag="899" ind1=" " ind2=" ">
    <subfield code="a">Biblioteca nazionale Marciana. Venezia</subfield>
    <subfield code="1">VE0049</subfield>
    <subfield code="2">VEA BM</subfield>
  </datafield>
</record>
</collection>
